<record><leader>00000cas a22000007a 4500</leader><controlfield tag="001">20010088</controlfield><controlfield tag="008">890714c19889999maudr ne      0   a0eng d</controlfield><datafield ind1=" " ind2=" " tag="010"><subfield code="a">sn 89062138 </subfield></datafield><datafield ind1=" " ind2=" " tag="040"><subfield code="a">MGN</subfield><subfield code="b">eng</subfield><subfield code="c">MGN</subfield><subfield code="d">NSD</subfield><subfield code="d">MGN</subfield><subfield code="d">CUS</subfield><subfield code="d">OCLCQ</subfield><subfield code="d">OCLCF</subfield><subfield code="d">OCLCO</subfield></datafield><datafield ind1=" " ind2=" " tag="012"><subfield code="m">1</subfield></datafield><datafield ind1="1" ind2=" " tag="022"><subfield code="a">1049-1155</subfield><subfield code="l">1049-1155</subfield><subfield code="2">1</subfield></datafield><datafield ind1="1" ind2=" " tag="029"><subfield code="a">AU@</subfield><subfield code="b">000041922928</subfield></datafield><datafield ind1="1" ind2=" " tag="029"><subfield code="a">NZ1</subfield><subfield code="b">16075802</subfield></datafield><datafield ind1=" " ind2=" " tag="032"><subfield code="a">199420</subfield><subfield code="b">USPS</subfield></datafield><datafield ind1=" " ind2=" " tag="042"><subfield code="a">msc</subfield><subfield code="a">nsdp</subfield></datafield><datafield ind1=" " ind2=" " tag="043"><subfield code="a">n-us-ma</subfield></datafield><datafield ind1=" " ind2="0" tag="222"><subfield code="a">Sentinel &amp; enterprise</subfield></datafield><datafield ind1="0" ind2="0" tag="245"><subfield code="a">Sentinel &amp; enterprise.</subfield></datafield><datafield ind1="3" ind2="0" tag="246"><subfield code="a">Sentinel and enterprise</subfield></datafield><datafield ind1="1" ind2="3" tag="246"><subfield code="a">Fitchburg-Leominster sentinel &amp; enterprise</subfield></datafield><datafield ind1=" " ind2=" " tag="260"><subfield code="a">Fitchburg, MA :</subfield><subfield code="b">Guido Gagliano</subfield></datafield><datafield ind1=" " ind2=" " tag="300"><subfield code="a">v.</subfield></datafield><datafield ind1=" " ind2=" " tag="310"><subfield code="a">Daily</subfield></datafield><datafield ind1="0" ind2=" " tag="362"><subfield code="a">Vol. 148, no. 89 (Apr. 4, 1988)-</subfield></datafield><datafield ind1=" " ind2=" " tag="500"><subfield code="a">Published as combined Saturday/Sunday issues, vol. 148, no. 94 (Apr. 9/10, 1988)--v. 150, no. [80] (Mar. 24/25, 1990).</subfield></datafield><datafield ind1=" " ind2=" " tag="500"><subfield code="a">Published as separate Saturday and Sunday issues, vol. 151, no. 86 (Mar. 31, 1990)-</subfield></datafield><datafield ind1=" " ind2=" " tag="515"><subfield code="a">Vol. 148, no. 89 (Apr. 4, 1988)-v. 148, no. 108 (Apr. 26, 1988) incorrectly numbered but constitute v. 149, no. 89-108.</subfield></datafield><datafield ind1=" " ind2="0" tag="651"><subfield code="a">Fitchburg (Mass.)</subfield><subfield code="v">Newspapers.</subfield></datafield><datafield ind1=" " ind2="7" tag="655"><subfield code="a">Newspapers.</subfield><subfield code="2">fast</subfield><subfield code="0">(OCoLC)fst01423814</subfield></datafield><datafield ind1=" " ind2="7" tag="651"><subfield code="a">Massachusetts</subfield><subfield code="z">Fitchburg.</subfield><subfield code="2">fast</subfield><subfield code="0">(OCoLC)fst01210793</subfield></datafield><datafield ind1=" " ind2=" " tag="752"><subfield code="a">United States</subfield><subfield code="b">Massachusetts</subfield><subfield code="c">Worcester</subfield><subfield code="d">Fitchburg.</subfield></datafield><datafield ind1=" " ind2=" " tag="752"><subfield code="a">United States</subfield><subfield code="b">Massachusetts</subfield><subfield code="c">Worcester</subfield><subfield code="d">Leominster.</subfield></datafield><datafield ind1="1" ind2=" " tag="776"><subfield code="t">Sentinel &amp; enterprise (Online)</subfield><subfield code="w">(OCoLC)61313408</subfield></datafield><datafield ind1="0" ind2="0" tag="780"><subfield code="t">Fitchburg-Leominster sentinel and enterprise</subfield><subfield code="w">(DLC)sn 89062137</subfield></datafield></record>